<record xmlns="http://www.openarchives.org/OAI/2.0/" xmlns:xsi="http://www.w3.org/2001/XMLSchema-instance"><header><identifier>oai:alma.34CSIC_INST:990013529060204201</identifier><datestamp>2020-02-06T08:40:59Z</datestamp><setSpec>manuscripta</setSpec></header><metadata><record xmlns="http://www.loc.gov/MARC21/slim" xmlns:xsi="http://www.w3.org/2001/XMLSchema-instance" xsi:schemaLocation="http://www.loc.gov/MARC21/slim http://www.loc.gov/standards/marcxml/schema/MARC21slim.xsd"><leader>04315ntm a2200625 i 4500</leader><controlfield tag="005">20181031100342.0</controlfield><controlfield tag="008">101004s                      000 0 ara d</controlfield><controlfield tag="001">990013529060204201</controlfield><datafield tag="035" ind1=" " ind2=" "><subfield code="a">CSIC001352906</subfield></datafield><datafield tag="035" ind1=" " ind2=" "><subfield code="a">(ES-MaCSI)001352906MAD01-Aleph</subfield></datafield><datafield tag="035" ind1=" " ind2=" "><subfield code="a">(OCoLC)1123844711
</subfield></datafield><datafield tag="040" ind1=" " ind2=" "><subfield code="a">ES-MaCSI</subfield><subfield code="b">spa</subfield></datafield><datafield tag="100" ind1="1" ind2=" "><subfield code="a">Fāsī, Muḥammad b. `Abd al-Salām al-</subfield><subfield code="d">(1718-1799 ó 1800).</subfield></datafield><datafield tag="245" ind1="1" ind2="0"><subfield code="a">شرح الإمالة </subfield><subfield code="h">[Manuscrito]</subfield><subfield code="c">/ محمّد بن عبد السلام الفاسي.</subfield></datafield><datafield tag="260" ind1=" " ind2=" "><subfield code="c">[S.f.].</subfield></datafield><datafield tag="300" ind1=" " ind2=" "><subfield code="a">24 f. ;</subfield><subfield code="c">21 x 15,5 cm (caja: 15,5-17 x 10-12 cm).</subfield></datafield><datafield tag="490" ind1="1" ind2=" "><subfield code="a">Manuscripta</subfield></datafield><datafield tag="546" ind1=" " ind2=" "><subfield code="a">Arabe</subfield><subfield code="b">Escritura magrebí</subfield></datafield><datafield tag="500" ind1=" " ind2=" "><subfield code="a">Título transliterado: Šarḥ al-Imāla</subfield></datafield><datafield tag="500" ind1=" " ind2=" "><subfield code="a">Título tomado de fuente externa</subfield></datafield><datafield tag="500" ind1=" " ind2=" "><subfield code="a">Distribución: 1 col. (con la inserción de algunos poemas a 2 columnas). El volumen tiene 24 líneas por página. Otras varían de 22 a 32</subfield></datafield><datafield tag="500" ind1=" " ind2=" "><subfield code="a">Material: Papel</subfield></datafield><datafield tag="500" ind1=" " ind2=" "><subfield code="a">Tinta: Negra</subfield></datafield><datafield tag="500" ind1=" " ind2=" "><subfield code="a">‪Incipit: الحمد لله وحده يقول عبد ربه محمّد بن عبد السلام الفاسي رجعت الى طاقة تنضن اثنين وعشرين سؤالا</subfield></datafield><datafield tag="500" ind1=" " ind2=" "><subfield code="a">‪Explicit: بالإمالة للكسر في الزوج فلاعماله</subfield></datafield><datafield tag="500" ind1=" " ind2=" "><subfield code="a">Lugar de escritura: No consta</subfield></datafield><datafield tag="500" ind1=" " ind2=" "><subfield code="a">Copista: No consta</subfield></datafield><datafield tag="500" ind1=" " ind2=" "><subfield code="a">Colofón: No consta</subfield></datafield><datafield tag="500" ind1=" " ind2=" "><subfield code="a">Características especiales: Texto sin vocalizar</subfield></datafield><datafield tag="500" ind1=" " ind2=" "><subfield code="a">Ilustración: No</subfield></datafield><datafield tag="500" ind1=" " ind2=" "><subfield code="a">Ilustraciones: No</subfield></datafield><datafield tag="500" ind1=" " ind2=" "><subfield code="a">Tipo de cuaderno: 4 cuads.: 2 binión y 2 cuaterniones.</subfield></datafield><datafield tag="500" ind1=" " ind2=" "><subfield code="a">Deterioros: Se aprecian severas manchas de humedad que han degradado la tinta haciéndola ilegible en gran parte del texto. También se advierten galerías en todos los folios que también afectan al texto.</subfield></datafield><datafield tag="500" ind1=" " ind2=" "><subfield code="a">H en blanco: No</subfield></datafield><datafield tag="500" ind1=" " ind2=" "><subfield code="a">H dañadas: todos los folios están dañados en mayor o menor medida</subfield></datafield><datafield tag="500" ind1=" " ind2=" "><subfield code="a">No</subfield></datafield><datafield tag="500" ind1=" " ind2=" "><subfield code="a">Foliación: Sin foliación original. - Foliación moderna a lápiz hecha por Naima Anahnah (2010)</subfield></datafield><datafield tag="500" ind1=" " ind2=" "><subfield code="a">Reclamos: Reclamos en tinta negra en el margen inferior izquierdo de los folios verso.</subfield></datafield><datafield tag="500" ind1=" " ind2=" "><subfield code="a">Sign. cuad.: No</subfield></datafield><datafield tag="500" ind1=" " ind2=" "><subfield code="a">Pautado: No</subfield></datafield><datafield tag="500" ind1=" " ind2=" "><subfield code="a">Filigrana: La palabra “Picardo” en letras mayúsculas ahuecadas. Tres flechas ahuecadas Letras “G” y “A” ahuecadas en mayúscula separadas por un estrella ahuecada de seis puntas. Escudo ovalado con un león en el interior y otro a cada lado, y debajo las letras “F” y “P” en mayúscula ahuecadas.</subfield></datafield><datafield tag="563" ind1=" " ind2=" "><subfield code="a">Encuadernación: Carece de encuadernación</subfield></datafield><datafield tag="541" ind1=" " ind2=" "><subfield code="a">Procedencia: Escuela de Estudios Árabes</subfield><subfield code="c">[Carlos Quirós Rodríguez]</subfield><subfield code="d">[198-?]</subfield></datafield><datafield tag="500" ind1=" " ind2=" "><subfield code="a">Signatura antigua: No</subfield></datafield><datafield tag="500" ind1=" " ind2=" "><subfield code="a">Anotaciones: No</subfield></datafield><datafield tag="510" ind1=" " ind2=" "><subfield code="a">No</subfield></datafield><datafield tag="581" ind1=" " ind2=" "><subfield code="a">Descripción: No</subfield></datafield><datafield tag="530" ind1=" " ind2=" "><subfield code="a">Otros soportes: No</subfield></datafield><datafield tag="581" ind1=" " ind2=" "><subfield code="a">Edición: No</subfield></datafield><datafield tag="520" ind1="2" ind2=" "><subfield code="a">Contenido: Šarḥ al-Imāla</subfield></datafield><datafield tag="650" ind1=" " ind2="7"><subfield code="a">Arabe</subfield><subfield code="x">Gramática</subfield><subfield code="v">Manuscritos.</subfield><subfield code="2">CSICAU</subfield></datafield><datafield tag="740" ind1="0" ind2=" "><subfield code="a">Šarḥ al-Imāla</subfield></datafield><datafield tag="830" ind1=" " ind2="0"><subfield code="a">Manuscripta</subfield></datafield><datafield tag="856" ind1="4" ind2="1"><subfield code="u">http://aleph.csic.es/imagenes/mad01/0006_PMSC/P_001352906_789136_V00.pdf</subfield><subfield code="z">Descargar Pdf completo (4.5M)</subfield><subfield code="m">CSIC</subfield></datafield><datafield tag="856" ind1="4" ind2="1"><subfield code="u">http://simurg.bibliotecas.csic.es/viewer/image/CSIC001352906/1/</subfield><subfield code="z">Ver texto completo en SIMURG, el portal de fondos digitalizados del CSIC</subfield><subfield code="m">CSIC</subfield></datafield><datafield tag="856" ind1="4" ind2="1"><subfield code="u">http://aleph.csic.es/imagenes/mad01/0006_PMSC/html/001352906.html</subfield><subfield code="z">Ver texto completo en Bookreader</subfield></datafield></record></metadata></record>